@Manual{R,
  title = {R: A Language and Environment for Statistical Computing},
  author = {{R Core Team}},
  organization = {R Foundation for Statistical Computing},
  address = {Vienna, Austria},
  year = {2012},
  note = {{ISBN} 3-900051-07-0},
  url = {http://www.R-project.org/},
}

@article{ihaka:1996,
  Author = {Ihaka, Ross and Gentleman, Robert},
	Journal = {Journal of Computational and Graphical Statistics},
	Number = 3,
	Pages = {299--314},
	Title = {R: A Language for Data Analysis and Graphics},
	Volume = 5,
	Year = 1996}

@article{f87, author={Friedman, J. H.},
  year=1987,
  title={Exploratory Projection Pursuit},
  journal={Journal of the American Statistical Association},
  volume=82, issue=1, pages={249--266}
}

@INPROCEEDINGS{scag,
author={L. Wilkinson and A. Anand and R. Grossman},
booktitle={IEEE Symposium on Information Visualization, 2005. INFOVIS 2005.},
title={Graph-theoretic scagnostics},
year={2005},
volume={},
number={},
pages={157-164},
ISSN={1522-404X},
month={Oct}}

@ARTICLE{1056714,
  author={H. {Edelsbrunner} and D. {Kirkpatrick} and R. {Seidel}},
  journal={IEEE Transactions on Information Theory}, 
  title={On the shape of a set of points in the plane}, 
  year={1983},
  volume={29},
  number={4},
  pages={551-559},}
  
@article{kruskal1956, 
  title={On the shortest spanning subtree of a graph and the traveling salesman problem}, 
  author={Kruskal, Joseph B}, 
  journal={Proceedings of the American Mathematical society}, 
  volume={7}, 
  number={1}, 
  pages={48--50}, 
  year={1956}, 
  publisher={JSTOR} 
}

@article{WW08,
author = {Leland Wilkinson and Graham Wills},
title = {Scagnostics Distributions},
journal = {Journal of Computational and Graphical Statistics},
volume = {17},
number = {2},
pages = {473-491},
year  = {2008},
publisher = {Taylor & Francis},
}

@misc{LWscagR,
   author={Urbanek, S. and Wilkinson, L. and Anand, A.},
   year=2012,
   title={scagnostics: Compute scagnostics - scatterplot diagnostics},
   howpublished={\url{https://cran.r-project.org/web/packages/scagnostics/index.html}}}

@article{As85,
        Author = {Asimov, D.},
        Journal = {SIAM Journal of Scientific and Statistical Computing},
        Number = {1},
        Pages = {128--143},
        Title = {{T}he {G}rand {T}our: {A} {T}ool for {V}iewing {M}ultidimensional {D}ata},
        Volume = {6},
        Year = 1985
}

@Article{tourr,
    title = {{tourr}: An {R} Package for Exploring Multivariate Data with Projections},
    author = {Hadley Wickham and Dianne Cook and Heike Hofmann and Andreas Buja},
    journal = {Journal of Statistical Software},
    year = {2011},
    volume = {40},
    number = {2},
    pages = {1--18},
}

@phdthesis{Grimm2016,
  author      = {Katrin Grimm},
  title       = {Kennzahlenbasierte Grafikauswahl},
  type        = {doctoral thesis},
  pages       = {III, 210},
  school      = {Universit{\"a}t Augsburg},
  year        = {2016},
}


@Manual{mbgraphic,
    title = {mbgraphic: Measure Based Graphic Selection},
    author = {Katrin Grimm},
    year = {2017},
    note = {R package version 1.0.0},
    url = {https://CRAN.R-project.org/package=mbgraphic},
}

@article {Reshef1518,
        author = {Reshef, David N. and Reshef, Yakir A. and Finucane, Hilary K. and Grossman, Sharon R. and McVean, Gilean and Turnbaugh, Peter J. and Lander, Eric S. and Mitzenmacher, Michael and Sabeti, Pardis C.},
        title = {Detecting Novel Associations in Large Data Sets},
        volume = {334},
        number = {6062},
        pages = {1518--1524},
        year = {2011},
        publisher = {American Association for the Advancement of Science},
        issn = {0036-8075},
        eprint = {http://science.sciencemag.org/content/334/6062/1518.full.pdf},
        journal = {Science}
}

@article{minerva,
    author = {Albanese, Davide and Filosi, Michele and Visintainer, Roberto and Riccadonna, Samantha and Jurman, Giuseppe and Furlanello, Cesare},
    title = "{minerva and minepy: a C engine for the MINE suite and its R, Python and MATLAB wrappers}",
    journal = {Bioinformatics},
    volume = {29},
    number = {3},
    pages = {407-408},
    year = {2012},
    month = {12},
    issn = {1367-4803}
}


@article{parkinsons,
	Author = {Little, Max A. and McSharry, Patrick E. and Roberts, Stephen J. and Costello, Declan AE and Moroz, Irene M.},
	Da = {2007/06/26},
	Date-Added = {2020-10-21 01:31:21 +0000},
	Date-Modified = {2020-10-21 01:31:21 +0000},
	Doi = {10.1186/1475-925X-6-23},
	Id = {Little2007},
	Isbn = {1475-925X},
	Journal = {BioMedical Engineering OnLine},
	Number = {1},
	Pages = {23},
	Title = {Exploiting Nonlinear Recurrence and Fractal Scaling Properties for Voice Disorder Detection},
	Ty = {JOUR},
	Url = {https://doi.org/10.1186/1475-925X-6-23},
	Volume = {6},
	Year = {2007},
	Bdsk-Url-1 = {https://doi.org/10.1186/1475-925X-6-23},
	Bdsk-Url-2 = {http://dx.doi.org/10.1186/1475-925X-6-23}}

@misc{uci_parkinsons,
  year = 2008,
  title = "Oxford Parkinson's Disease Detection Dataset",
  author = {Little, Max A},
   howpublished={\url{https://archive.ics.uci.edu/ml/datasets/Parkinsons}}}

@book{MASS,
    title = {Modern Applied Statistics with S},
    author = {W. N. Venables and B. D. Ripley},
    publisher = {Springer},
    edition = {Fourth},
    address = {New York},
    year = {2002},
    note = {ISBN 0-387-95457-0},
    url = {http://www.stats.ox.ac.uk/pub/MASS4},
}

@book{knitr,
  title = {Dynamic Documents with {R} and knitr},
  author = {Yihui Xie},
  publisher = {Chapman and Hall/CRC},
  address = {Boca Raton, Florida},
  year = {2015},
  edition = {2nd},
  url = {https://yihui.name/knitr/},
}

@book{rmarkdown,
  author={Yihui Xie and Joseph J. Allaire and Garrett Grolemund},
  year=2018,
  title={R  Markdown: The Definitive Guide},
  publisher={Chapman and Hall/CRC},
  url={https://bookdown.org/yihui/rmarkdown}
}

@Manual{shiny,
    title = {shiny: Web Application Framework for R},
    author = {Winston Chang and Joe Cheng and JJ Allaire and Yihui Xie and Jonathan McPherson},
    year = {2020},
    note = {R package version 1.5.0},
    url = {https://CRAN.R-project.org/package=shiny},
}

@article{spinebil,
  year = 2020,
  title = {{Using Tours to Visually Investigate Properties of New Projection Pursuit Indexes with Application to Problems in Physics}},
  author = {Laa, U. and Cook, D.},
  journal = {Computational Statistics},
  volume = 35,
  issue = 3,
  pages = {1171--1205},
  url = {https://doi.org/10.1007/s00180-020-00954-8}
  }
  
@Manual{GGally,
    title = {GGally: Extension to 'ggplot2'},
    author = {Barret Schloerke and Jason Crowley and Di Cook and Francois Briatte and Moritz Marbach and Edwin Thoen and Amos Elberg and Joseph Larmarange},
    year = {2020},
    note = {R package version 1.5.0},
    url = {https://CRAN.R-project.org/package=GGally},
  }

@Book{plotly,
    author = {Carson Sievert},
    title = {Interactive Web-Based Data Visualization with R, plotly, and shiny},
    publisher = {Chapman and Hall/CRC},
    year = {2020},
    isbn = {9781138331457},
    url = {https://plotly-r.com},
  }
  
@article{anscombe,
author = { F. J.   Anscombe },
title = {Graphs in Statistical Analysis},
journal = {The American Statistician},
volume = {27},
number = {1},
pages = {17-21},
year  = {1973},
publisher = {Taylor & Francis},
doi = {10.1080/00031305.1973.10478966},
URL = {https://www.tandfonline.com/doi/abs/10.1080/00031305.1973.10478966},
eprint = {https://www.tandfonline.com/doi/pdf/10.1080/00031305.1973.10478966}}