@Manual{R,
  title = {R: A Language and Environment for Statistical Computing},
  author = {{R Core Team}},
  organization = {R Foundation for Statistical Computing},
  address = {Vienna, Austria},
  year = {2012},
  note = {{ISBN} 3-900051-07-0},
  url = {http://www.R-project.org/},
}

@article{ihaka:1996,
  Author = {Ihaka, Ross and Gentleman, Robert},
	Journal = {Journal of Computational and Graphical Statistics},
	Number = 3,
	Pages = {299--314},
	Title = {R: A Language for Data Analysis and Graphics},
	Volume = 5,
	Year = 1996}

@article{f87, author={Friedman, J. H.},
  year=1987,
  title={Exploratory Projection Pursuit},
  journal={Journal of the American Statistical Association},
  volume=82, issue=1, pages={249--266}
}

@INPROCEEDINGS{scag,
author={L. Wilkinson and A. Anand and R. Grossman},
booktitle={IEEE Symposium on Information Visualization, 2005. INFOVIS 2005.},
title={Graph-theoretic scagnostics},
year={2005},
volume={},
number={},
pages={157-164},
ISSN={1522-404X},
month={Oct}}

@ARTICLE{1056714,
  author={H. {Edelsbrunner} and D. {Kirkpatrick} and R. {Seidel}},
  journal={IEEE Transactions on Information Theory}, 
  title={On the shape of a set of points in the plane}, 
  year={1983},
  volume={29},
  number={4},
  pages={551-559},}
  
@article{kruskal1956, 
  title={On the shortest spanning subtree of a graph and the traveling salesman problem}, 
  author={Kruskal, Joseph B}, 
  journal={Proceedings of the American Mathematical society}, 
  volume={7}, 
  number={1}, 
  pages={48--50}, 
  year={1956}, 
  publisher={JSTOR} 
}

@article{WW08,
author = {Leland Wilkinson and Graham Wills},
title = {Scagnostics Distributions},
journal = {Journal of Computational and Graphical Statistics},
volume = {17},
number = {2},
pages = {473-491},
year  = {2008},
publisher = {Taylor & Francis},
}

@misc{LWscagR,
   author={Urbanek, S. and Wilkinson, L. and Anand, A.},
   year=2012,
   title={scagnostics: Compute scagnostics - scatterplot diagnostics},
   howpublished={\url{https://cran.r-project.org/web/packages/scagnostics/index.html}}}

@article{As85,
        Author = {Asimov, D.},
        Journal = {SIAM Journal of Scientific and Statistical Computing},
        Number = {1},
        Pages = {128--143},
        Title = {{T}he {G}rand {T}our: {A} {T}ool for {V}iewing {M}ultidimensional {D}ata},
        Volume = {6},
        Year = 1985
}

@Article{tourr,
    title = {{tourr}: An {R} Package for Exploring Multivariate Data with Projections},
    author = {Hadley Wickham and Dianne Cook and Heike Hofmann and Andreas Buja},
    journal = {Journal of Statistical Software},
    year = {2011},
    volume = {40},
    number = {2},
    pages = {1--18},
}

@phdthesis{Grimm2016,
  author      = {Katrin Grimm},
  title       = {Kennzahlenbasierte Grafikauswahl},
  type        = {doctoral thesis},
  pages       = {III, 210},
  school      = {Universit{\"a}t Augsburg},
  year        = {2016},
}


@Manual{mbgraphic,
    title = {mbgraphic: Measure Based Graphic Selection},
    author = {Katrin Grimm},
    year = {2017},
    note = {R package version 1.0.0},
    url = {https://CRAN.R-project.org/package=mbgraphic},
}

@article {Reshef1518,
        author = {Reshef, David N. and Reshef, Yakir A. and Finucane, Hilary K. and Grossman, Sharon R. and McVean, Gilean and Turnbaugh, Peter J. and Lander, Eric S. and Mitzenmacher, Michael and Sabeti, Pardis C.},
        title = {Detecting Novel Associations in Large Data Sets},
        volume = {334},
        number = {6062},
        pages = {1518--1524},
        year = {2011},
        publisher = {American Association for the Advancement of Science},
        issn = {0036-8075},
        eprint = {http://science.sciencemag.org/content/334/6062/1518.full.pdf},
        journal = {Science}
}

@article{minerva,
    author = {Albanese, Davide and Filosi, Michele and Visintainer, Roberto and Riccadonna, Samantha and Jurman, Giuseppe and Furlanello, Cesare},
    title = "{minerva and minepy: a C engine for the MINE suite and its R, Python and MATLAB wrappers}",
    journal = {Bioinformatics},
    volume = {29},
    number = {3},
    pages = {407-408},
    year = {2012},
    month = {12},
    issn = {1367-4803}
}

